@String(PAMI = {IEEE Trans. Pattern Anal. Mach. Intell.})
@String(IJCV = {Int. J. Comput. Vis.})
@String(CVPR= {IEEE Conf. Comput. Vis. Pattern Recog.})
@String(ICCV= {Int. Conf. Comput. Vis.})
@String(ECCV= {Eur. Conf. Comput. Vis.})
@String(NIPS= {Adv. Neural Inform. Process. Syst.})
@String(ICPR = {Int. Conf. Pattern Recog.})
@String(BMVC= {Brit. Mach. Vis. Conf.})
@String(TOG= {ACM Trans. Graph.})
@String(TIP  = {IEEE Trans. Image Process.})
@String(TVCG  = {IEEE Trans. Vis. Comput. Graph.})
@String(TMM  = {IEEE Trans. Multimedia})
@String(ACMMM= {ACM Int. Conf. Multimedia})
@String(ICME = {Int. Conf. Multimedia and Expo})
@String(ICASSP=	{ICASSP})
@String(ICIP = {IEEE Int. Conf. Image Process.})
@String(ACCV  = {ACCV})
@String(ICLR = {Int. Conf. Learn. Represent.})
@String(IJCAI = {IJCAI})
@String(PR   = {Pattern Recognition})
@String(AAAI = {AAAI})
@String(CVPRW= {IEEE Conf. Comput. Vis. Pattern Recog. Worksh.})
@String(CSVT = {IEEE Trans. Circuit Syst. Video Technol.})

@String(SPL	= {IEEE Sign. Process. Letters})
@String(VR   = {Vis. Res.})
@String(JOV	 = {J. Vis.})
@String(TVC  = {The Vis. Comput.})
@String(JCST  = {J. Comput. Sci. Tech.})
@String(CGF  = {Comput. Graph. Forum})
@String(CVM = {Computational Visual Media})


@String(PAMI  = {IEEE TPAMI})
@String(IJCV  = {IJCV})
@String(CVPR  = {CVPR})
@String(ICCV  = {ICCV})
@String(ECCV  = {ECCV})
@String(NIPS  = {NeurIPS})
@String(ICPR  = {ICPR})
@String(BMVC  =	{BMVC})
@String(TOG   = {ACM TOG})
@String(TIP   = {IEEE TIP})
@String(TVCG  = {IEEE TVCG})
@String(TCSVT = {IEEE TCSVT})
@String(TMM   =	{IEEE TMM})
@String(ACMMM = {ACM MM})
@String(ICME  =	{ICME})
@String(ICASSP=	{ICASSP})
@String(ICIP  = {ICIP})
@String(ACCV  = {ACCV})
@String(ICLR  = {ICLR})
@String(IJCAI = {IJCAI})
@String(PR = {PR})
@String(AAAI = {AAAI})
@String(CVPRW= {CVPRW})
@String(CSVT = {IEEE TCSVT})

%%%% KEY should only be shortcut for better referencing %%%%


@misc{https://doi.org/10.48550/arxiv.1512.03012,
  doi       = {10.48550/ARXIV.1512.03012},
  url       = {https://arxiv.org/abs/1512.03012},
  author    = {Chang, Angel X. and Funkhouser, Thomas and Guibas, Leonidas and Hanrahan, Pat and Huang, Qixing and Li, Zimo and Savarese, Silvio and Savva, Manolis and Song, Shuran and Su, Hao and Xiao, Jianxiong and Yi, Li and Yu, Fisher},
  keywords  = {Graphics (cs.GR), Artificial Intelligence (cs.AI), Computational Geometry (cs.CG), Computer Vision and Pattern Recognition (cs.CV), Robotics (cs.RO), FOS: Computer and information sciences, FOS: Computer and information sciences},
  title     = {ShapeNet: An Information-Rich 3D Model Repository},
  publisher = {arXiv},
  year      = {2015},
  copyright = {arXiv.org perpetual, non-exclusive license}
}

@misc{https://doi.org/10.48550/arxiv.1803.07671,
  doi       = {10.48550/ARXIV.1803.07671},
  url       = {https://arxiv.org/abs/1803.07671},
  author    = {Watkins-Valls, David and Varley, Jacob and Allen, Peter},
  keywords  = {Robotics (cs.RO), FOS: Computer and information sciences, FOS: Computer and information sciences},
  title     = {Multi-Modal Geometric Learning for Grasping and Manipulation},
  publisher = {arXiv},
  year      = {2018},
  copyright = {arXiv.org perpetual, non-exclusive license}
}

@article{https://doi.org/10.48550/arxiv.2107.09584,
  doi       = {10.48550/ARXIV.2107.09584},
  url       = {https://arxiv.org/abs/2107.09584},
  author    = {Smith, Edward J. and Meger, David and Pineda, Luis and Calandra, Roberto and Malik, Jitendra and Romero, Adriana and Drozdzal, Michal},
  keywords  = {Computer Vision and Pattern Recognition (cs.CV), Robotics (cs.RO), FOS: Computer and information sciences, FOS: Computer and information sciences},
  title     = {Active 3D Shape Reconstruction from Vision and Touch},
  publisher = {arXiv},
  year      = {2021},
  copyright = {Creative Commons Attribution 4.0 International}
}

@article{Fleer2020,
  doi       = {10.1371/journal.pone.0226880},
  url       = {https://doi.org/10.1371/journal.pone.0226880},
  year      = {2020},
  month     = jan,
  publisher = {Public Library of Science ({PLoS})},
  volume    = {15},
  number    = {1},
  pages     = {e0226880},
  author    = {Sascha Fleer and Alexandra Moringen and Roberta L. Klatzky and Helge Ritter},
  editor    = {Pawe{\l} P{\l}awiak},
  title     = {Learning efficient haptic shape exploration with a rigid tactile sensor array},
  journal   = {{PLOS} {ONE}}
}

@inproceedings{6631074,
  author    = {Ilonen, Jarmo and Bohg, Jeannette and Kyrki, Ville},
  booktitle = {2013 IEEE International Conference on Robotics and Automation},
  title     = {Fusing visual and tactile sensing for 3-D object reconstruction while grasping},
  year      = {2013},
  volume    = {},
  number    = {},
  pages     = {3547-3554},
  doi       = {10.1109/ICRA.2013.6631074}
}

@inproceedings{8793773,
  author    = {Driess, Danny and Hennes, Daniel and Toussaint, Marc},
  booktitle = {2019 International Conference on Robotics and Automation (ICRA)},
  title     = {Active Multi-Contact Continuous Tactile Exploration with Gaussian Process Differential Entropy},
  year      = {2019},
  volume    = {},
  number    = {},
  pages     = {7844-7850},
  doi       = {10.1109/ICRA.2019.8793773}
}

@inproceedings{7803275,
  author    = {Jamali, Nawid and Ciliberto, Carlo and Rosasco, Lorenzo and Natale, Lorenzo},
  booktitle = {2016 IEEE-RAS 16th International Conference on Humanoid Robots (Humanoids)},
  title     = {Active perception: Building objects' models using tactile exploration},
  year      = {2016},
  volume    = {},
  number    = {},
  pages     = {179-185},
  doi       = {10.1109/HUMANOIDS.2016.7803275}
}

@misc{https://doi.org/10.48550/arxiv.2104.14118,
  doi       = {10.48550/ARXIV.2104.14118},
  url       = {https://arxiv.org/abs/2104.14118},
  author    = {Zhang, Hanbo and Yang, Deyu and Wang, Han and Zhao, Binglei and Lan, Xuguang and Ding, Jishiyu and Zheng, Nanning},
  keywords  = {Robotics (cs.RO), Computer Vision and Pattern Recognition (cs.CV), FOS: Computer and information sciences, FOS: Computer and information sciences},
  title     = {REGRAD: A Large-Scale Relational Grasp Dataset for Safe and Object-Specific Robotic Grasping in Clutter},
  publisher = {arXiv},
  year      = {2021},
  copyright = {arXiv.org perpetual, non-exclusive license}
}


@article{Calli_2015,
  author     = {Berk {\c{C}}alli and
                Aaron Walsman and
                Arjun Singh and
                Siddhartha S. Srinivasa and
                Pieter Abbeel and
                Aaron M. Dollar},
  title      = {Benchmarking in Manipulation Research: The {YCB} Object and Model
                Set and Benchmarking Protocols},
  journal    = {CoRR},
  volume     = {abs/1502.03143},
  year       = {2015},
  url        = {http://arxiv.org/abs/1502.03143},
  eprinttype = {arXiv},
  eprint     = {1502.03143},
  timestamp  = {Wed, 24 Jul 2019 14:48:41 +0200},
  biburl     = {https://dblp.org/rec/journals/corr/CalliWSSAD15.bib},
  bibsource  = {dblp computer science bibliography, https://dblp.org}
}

@misc{https://doi.org/10.48550/arxiv.1505.04597,
  doi       = {10.48550/ARXIV.1505.04597},
  url       = {https://arxiv.org/abs/1505.04597},
  author    = {Ronneberger, Olaf and Fischer, Philipp and Brox, Thomas},
  keywords  = {Computer Vision and Pattern Recognition (cs.CV), FOS: Computer and information sciences, FOS: Computer and information sciences},
  title     = {U-Net: Convolutional Networks for Biomedical Image Segmentation},
  publisher = {arXiv},
  year      = {2015},
  copyright = {arXiv.org perpetual, non-exclusive license}
}
